<?xml version="1.0" encoding="UTF-8"?><collection xmlns="http://www.loc.gov/MARC21/slim"><record><leader>00570nam--2200193-i-4500</leader><controlfield tag="001">000016750</controlfield><controlfield tag="002">20161230</controlfield><controlfield tag="005">20161230201031</controlfield><controlfield tag="008">060222s1000------------r-----000-0-eng-d</controlfield><datafield ind1=" " ind2=" " tag="040"><subfield code="a">IFIN-HH</subfield></datafield><datafield ind1=" " ind2=" " tag="080"><subfield code="a">539.14</subfield></datafield><datafield ind1="1" ind2=" " tag="100"><subfield code="a">Celenza, L.S</subfield></datafield><datafield ind1="1" ind2="0" tag="245"><subfield code="a">Relativistic nuclear physics. theories of structure and scattering</subfield><subfield code="c">L.s. celenza, c.m. shakin</subfield></datafield><datafield ind1=" " ind2=" " tag="260"><subfield code="a">Singapore</subfield><subfield code="b">World Scientific</subfield><subfield code="c">1986</subfield></datafield><datafield ind1=" " ind2=" " tag="300"><subfield code="a">IX + 238 P</subfield></datafield><datafield ind1=" " ind2=" " tag="490"><subfield code="a">World Scientific Lecture Notes In Physics. Vol. 2</subfield></datafield><datafield ind1="1" ind2=" " tag="700"><subfield code="a">Shakin, C.M</subfield></datafield><datafield ind1=" " ind2=" " tag="852"><subfield code="a">74723</subfield><subfield code="c">53</subfield></datafield><datafield ind1=" " ind2=" " tag="CAT"><subfield code="a">Sys</subfield><subfield code="c">20150811</subfield><subfield code="h">134501</subfield></datafield></record></collection>